<?xml version="1.0" encoding="UTF-8"?><collection xmlns="http://www.loc.gov/MARC21/slim"><record><leader>00473nam--2200145-i-4500</leader><controlfield tag="001">000022619</controlfield><controlfield tag="002">20161230</controlfield><controlfield tag="005">20161230201034</controlfield><controlfield tag="008">060222s1000------------r-----000-0-eng-d</controlfield><datafield ind1=" " ind2=" " tag="080"><subfield code="a">537.534.3</subfield></datafield><datafield ind1=" " ind2=" " tag="100"><subfield code="a">Hawkes, P.W</subfield></datafield><datafield ind1=" " ind2=" " tag="245"><subfield code="a">Quadrupole optics. (the electron optical properties of rectilinear orthogonal systems)</subfield></datafield><datafield ind1=" " ind2=" " tag="260"><subfield code="a">Verlag, 1966.Berlin, Springer- 126 P</subfield></datafield><datafield ind1=" " ind2=" " tag="490"><subfield code="a">Springer Tracts In Modern Physics. Ergebnisse Der Exakten Naturwissenschaften</subfield></datafield><datafield ind1=" " ind2=" " tag="852"><subfield code="a">506</subfield></datafield></record></collection>